@misc{ref1,
  author = 	 {Yves Coudier},
  title = 	 {Support de projet},

  year = 	 {2017},
  note =     {https://github.com/upici/SaintVenant}
}
@misc{ref2,
  author = 	 {Maxime Hauray},
  title = 	 {Équations différentielles ordinaires et équations de transport},

  year = 	 {2010-2011},
  note =     {http://www.i2m.univ-amu.fr/perso/maxime.hauray/enseignement/M2-Transport/Cours2.pdf}
}
@misc{ref3,
  author = 	 {Eliane Bécache},
  title = 	 {Schemas numeriques pour la resolution de l’equation des ondes},

  year = 	 {2009},
  note =     {http://perso.ensta-paristech.fr/~becache/COURS-ONDES/Poly-num-0209.pdf}
}
@misc{ref4,
  author = 	 {G.Faccanoni},
  title = 	 {Problèmes hyperboliques,volumes finis},
  year = 	 {2010-2011},
  note =     {http://faccanoni.univ-tln.fr/user/enseignements/2010_2011_M2.pdf}
}
@misc{ref5,
  author = 	 {A.Quarteroni},
  title = 	 {Intégration numérique},

  year = 	 {2010-2011},
  note =     {http://www.lmpa.univ-littoral.fr/~sadok/fichiers/cours2b.pdf}
}
@misc{ref6,
  author = 	 {Unknown,Université de Lyon},
  title = 	 {Schéma d'Euler explicite},
  note =     {http://math.univ-lyon1.fr/~benzoni/M2AO/Schemas-EDO.pdf}
}
@misc{ref7,
  author = 	 {Raphaele Herbin},
  title = 	 {Méthodes de differences finies etvolumes finis pour les problemeselliptiques et paraboliques},
  note =     {https://www.i2m.univ-amu.fr/perso/raphaele.herbin/PUBLI/anedp-chap2.pdf}
  }
@misc{ref8,
  author = 	 {J.-F.Scheid},
  title = 	 {Méthodes numériques pour la dynamique des fuides},
  year = 	 {2011-2012},
  note =     {http://www.iecl.univ-lorraine.fr/~Jean-Francois.Scheid/Enseignement/polyM2IMOI.pdf}
  }
@misc{ref9,
  author = 	 {J.-F.Scheid},
  title = 	 {Quoi ma cfl, qu'est-ce qu'elle a ma cfl ?},
  year = 	 {2013},
  note =     {http://www.breves-de-maths.fr/quoi-ma-cfl-quest-ce-quelle-a-ma-cfl/}
  }
@misc{ref10,
  author = 	 {Pierron Théo},
  title = 	 {Équations différentielles et phénomènes de transport},
  note =     {http://perso.eleves.ens-rennes.fr/~tpier758/cours/edph.pdf}
  }
  @misc{ref11,
  author = 	 {Sophia-Antipolis},
  title = 	 {Équations de transport},
  year=		 {2006/2007},
  note =     {https://math.unice.fr/~frapetti/TD5.pdf}
}

  